<record><leader>00000cas a22000007a 4500</leader><controlfield tag="001">34186070</controlfield><controlfield tag="008">960214d18591862vauwr ne      0    0eng d</controlfield><datafield ind1=" " ind2=" " tag="010"><subfield code="a">sn 96096515 </subfield></datafield><datafield ind1=" " ind2=" " tag="040"><subfield code="a">NVK</subfield><subfield code="b">eng</subfield><subfield code="c">NVK</subfield><subfield code="d">OCL</subfield><subfield code="d">NVK</subfield><subfield code="d">OCLCQ</subfield><subfield code="d">OCLCF</subfield><subfield code="d">OCLCO</subfield></datafield><datafield ind1="1" ind2=" " tag="029"><subfield code="a">AU@</subfield><subfield code="b">000020235776</subfield></datafield><datafield ind1=" " ind2=" " tag="042"><subfield code="a">msc</subfield></datafield><datafield ind1=" " ind2=" " tag="043"><subfield code="a">n-us-va</subfield></datafield><datafield ind1="0" ind2=" " tag="130"><subfield code="a">Conservator (Berryville, Va.)</subfield></datafield><datafield ind1="1" ind2="4" tag="245"><subfield code="a">The Conservator.</subfield></datafield><datafield ind1=" " ind2=" " tag="260"><subfield code="a">Berryville, Va. :</subfield><subfield code="b">H.K. Gregg</subfield></datafield><datafield ind1=" " ind2=" " tag="300"><subfield code="a">v.</subfield></datafield><datafield ind1=" " ind2=" " tag="310"><subfield code="a">Weekly</subfield></datafield><datafield ind1="1" ind2=" " tag="362"><subfield code="a">Began in 1859; ceased in 1862.</subfield><subfield code="z">Cf. Cappon, L.J. Va. Newspapers.</subfield></datafield><datafield ind1=" " ind2=" " tag="588"><subfield code="a">Description based on: Vol. 2, no. 21 (Feb. 5, 1861).</subfield></datafield><datafield ind1=" " ind2="0" tag="651"><subfield code="a">Berryville (Va.)</subfield><subfield code="v">Newspapers.</subfield></datafield><datafield ind1=" " ind2="7" tag="655"><subfield code="a">Newspapers.</subfield><subfield code="2">fast</subfield><subfield code="0">(OCoLC)fst01423814</subfield></datafield><datafield ind1=" " ind2="7" tag="651"><subfield code="a">Virginia</subfield><subfield code="z">Berryville.</subfield><subfield code="2">fast</subfield><subfield code="0">(OCoLC)fst01227169</subfield></datafield><datafield ind1=" " ind2=" " tag="752"><subfield code="a">United States</subfield><subfield code="b">Virginia</subfield><subfield code="c">Clarke</subfield><subfield code="d">Berryville.</subfield></datafield><datafield ind1="0" ind2="0" tag="785"><subfield code="t">Berryville conservator</subfield><subfield code="w">(DLC)sn 85038632</subfield></datafield></record>